@inproceedings{test-ref,
    title = {{An Examplary Paper For The References}},
    author = {First Author AND Second Author AND Third Author},
    booktitle = {International Conference on Silly Walks},
    year = 2018,
}
@online{ansible-slow,
  author       = {HubertNNN},
  title        = {Why is ansible slow with simple tasks},
  year         = {2022},
  url          = {https://stackoverflow.com/questions/71565392/why-is-ansible-slow-with-simple-tasks},
  note         = {Accessed: 2024-06-10}
},
@online{ansible-comparison,
    author = {Eric Hu},
    title = {Chef vs. Puppet vs. Ansible: a side-by-side comparison for 2024 },
year = {2024},
month = {Jan},
day = {17},
url = {https://betterstack.com/community/comparisons/chef-vs-puppet-vs-ansible/#7-configuration-management-chef-and-puppet-wins},
  note         = {Accessed: 2024-06-10}
},
@online{ansible-shell,
author = {Pldimitrov},
title = {Not possible to source .bashrc with Ansible},
year = {2023},
month = {Dec},
day = {3},
url = {https://stackoverflow.com/questions/22256884/not-possible-to-source-bashrc-with-ansible},
note = {Accessed: 2024-06-10}},

@online{ansible-vs-chef,
author = {Kaushik Sen},
title = {Ansible vs Chef Updated for 2024} ,
year = {2024},
url = {https://www.upguard.com/blog/ansible-vs-chef#toc-4},
note = {Accessed: 2024-06-10}},


@online{ansible-vs-chef2, 
author = {Shannon Flynn},
title = {Ansible vs Chef: Compare DevOps Tools},
year = {2022},
url = {https://www.techrepublic.com/article/ansible-vs-chef/},
note = {Accessed: 2024-06-10}}